
@article{Yazdani2021,
	title = {The comparison of censored quantile regression methods in prognosis factors of breast cancer survival},
	author = {Yazdani, Akram and Yaseri, Mehdi and Haghighat, Shahpar and Kaviani, Ahmad and Zeraati, Hojjat},
	year = {2021},
	month = {09},
	date = {2021-09-14},
	journal = {Scientific Reports},
	volume = {11},
	number = {1},
	doi = {10.1038/s41598-021-97665-x},
	url = {http://dx.doi.org/10.1038/s41598-021-97665-x},
	langid = {en}
}

@inbook{deyoreo2020,
	title = {Bayesian nonparametric density regression for ordinal responses},
	author = {DeYoreo, Maria and Kottas, Athanasios},
	year = {2020},
	date = {2020},
	publisher = {Elsevier},
	pages = {65--89},
	doi = {10.1016/b978-0-12-815862-3.00009-3},
	url = {http://dx.doi.org/10.1016/b978-0-12-815862-3.00009-3}
}

@inbook{rahman2019,
	title = {Flexible Bayesian Quantile Regression in Ordinal Models},
	author = {Rahman, Mohammad Arshad and Karnawat, Shubham},
	year = {2019},
	month = {10},
	date = {2019-10-18},
	publisher = {Emerald Publishing Limited},
	pages = {211--251},
	doi = {10.1108/s0731-90532019000040b011},
	url = {http://dx.doi.org/10.1108/s0731-90532019000040b011}
}

@article{rahman2021,
	title = {bqror: An R Package for Bayesian Quantile Regression in Ordinal Models},
	author = {Rahman, Mohammad Arshad and Maheshwari, Prajual},
	year = {2021},
	date = {2021},
	journal = {SSRN Electronic Journal},
	doi = {10.2139/ssrn.3936542},
	url = {http://dx.doi.org/10.2139/ssrn.3936542},
	langid = {en}
}

@phdthesis{hu,
	title = {Bayesian quantile regression for semiparametric models},
	author = {Hu, Yuao},
	doi = {10.32657/10356/54830},
	url = {http://dx.doi.org/10.32657/10356/54830}
}

@article{riva-palacio2021,
	title = {Survival Regression Models With Dependent Bayesian Nonparametric Priors},
	author = {Riva-Palacio, Alan and Leisen, Fabrizio and Griffin, Jim},
	year = {2021},
	month = {02},
	date = {2021-02-10},
	journal = {Journal of the American Statistical Association},
	pages = {1530--1539},
	volume = {117},
	number = {539},
	doi = {10.1080/01621459.2020.1864381},
	url = {http://dx.doi.org/10.1080/01621459.2020.1864381},
	langid = {en}
}

@article{aloqaili2022,
	title = {Bayesian Composite Quantile Regression with Composite Group Bridge Penalty},
	author = {Aloqaili, Murtadha Jaafar and Alhamzawi, Rahim},
	year = {2022},
	month = {02},
	date = {2022-02-28},
	journal = {NeuroQuantology},
	pages = {173--179},
	volume = {20},
	number = {2},
	doi = {10.14704/nq.2022.20.2.nq22269},
	url = {http://dx.doi.org/10.14704/nq.2022.20.2.nq22269}
}

@inbook{hooten2019,
	title = {Quantile Regression},
	author = {Hooten, Mevin B. and Hefley, Trevor J.},
	year = {2019},
	month = {05},
	date = {2019-05-15},
	publisher = {CRC Press},
	pages = {205--220},
	doi = {10.1201/9780429243653-18},
	url = {http://dx.doi.org/10.1201/9780429243653-18}
}

@article{Chen2019,
	title = {Joint Quantile Regression for Spatial Data},
	author = {Chen, Xu and Tokdar, Surya T.},
	year = {2019},
	date = {2019},
	doi = {10.48550/ARXIV.1910.13119},
	url = {https://arxiv.org/abs/1910.13119}
}

@article{Luo2021,
	title = {BNPqte: A Bayesian Nonparametric Approach to Causal Inference on Quantiles in R},
	author = {Luo, Chuji and Daniels, Michael J.},
	year = {2021},
	date = {2021},
	doi = {10.48550/ARXIV.2106.14599},
	url = {https://arxiv.org/abs/2106.14599}
}

@article{hu2020,
	title = {Bayesian joint-quantile regression},
	author = {Hu, Yingying and Wang, Huixia Judy and He, Xuming and Guo, Jianhua},
	year = {2020},
	month = {06},
	date = {2020-06-15},
	journal = {Computational Statistics},
	pages = {2033--2053},
	volume = {36},
	number = {3},
	doi = {10.1007/s00180-020-00998-w},
	url = {http://dx.doi.org/10.1007/s00180-020-00998-w},
	langid = {en}
}
